<?xml version="1.0" encoding="UTF-8"?><collection><record><leader>06672ntm a2200589 a 4500</leader><controlfield tag="001">006806686</controlfield><controlfield tag="003">MiAaHDL</controlfield><controlfield tag="005">20190719000000.0</controlfield><controlfield tag="006">m        d        </controlfield><controlfield tag="007">cr bn ---auaua</controlfield><controlfield tag="008">090603s1705    xx            00| ||ara d</controlfield><datafield tag="035" ind1=" " ind2=" "><subfield code="a">(MiU)006806686</subfield></datafield><datafield tag="035" ind1=" " ind2=" "><subfield code="a">sdr-miu006806686</subfield></datafield><datafield tag="040" ind1=" " ind2=" "><subfield code="a">MiU</subfield><subfield code="c">MiU</subfield><subfield code="e">amremm</subfield></datafield><datafield tag="043" ind1=" " ind2=" "><subfield code="a">n-us-mi</subfield></datafield><datafield tag="100" ind1="1" ind2=" "><subfield code="6">880-01</subfield><subfield code="a">Zaydānī, Muẓhir al-Dīn al-Ḥusayn ibn Maḥmūd,</subfield><subfield code="d">d. 1326 or 7.</subfield></datafield><datafield tag="245" ind1="1" ind2="0"><subfield code="6">880-03</subfield><subfield code="a">Kitāb al-Mafātīḥ fī sharḥ al-Maṣābīḥ,</subfield><subfield code="f">[1116, i.e. 1705].</subfield></datafield><datafield tag="246" ind1="3" ind2="4"><subfield code="a">مفاتيح في شرح المصابيح</subfield></datafield><datafield tag="260" ind1=" " ind2=" "><subfield code="c">[1705].</subfield></datafield><datafield tag="300" ind1=" " ind2=" "><subfield code="a">259 leaves :</subfield><subfield code="b">paper ;</subfield><subfield code="c">313 x 210 (225 x 135-140) mm.</subfield></datafield><datafield tag="500" ind1=" " ind2=" "><subfield code="a">Shelfmark: Ann Arbor, University of Michigan, Special Collections Library, Isl. Ms. 482</subfield></datafield><datafield tag="500" ind1=" " ind2=" "><subfield code="a">Origin: As appears in colophon on p.515, transcription completed 20 Dhū al-Ḥijjah 1116 [ca. 15 April 1705] by Bakīr ibn Muḥammad ibn Ismā‘īl.</subfield></datafield><datafield tag="500" ind1=" " ind2=" "><subfield code="a">Accompanying materials: a. Acquisitions slip from Yahuda -- b. Inventory cataloguing slip in hand of Winifred Smeaton Thomas -- c. Scrap with notes and seal impression between pp.40-41.</subfield></datafield><datafield tag="500" ind1=" " ind2=" "><subfield code="a">Former shelfmark: From inner front cover, 'title page' (p.1), and spine label, "IL 350a" (likely supplied by Yahuda, see acquisitions slip).</subfield></datafield><datafield tag="500" ind1=" " ind2=" "><subfield code="a">Binding: Pasteboards covered in perhaps once-tinted laid paper with edges/turn-ins in red-brown leather and spine covered in paper (manuscript waste) ; Type II binding (with flap, now lost) ; board linings in untinted laid paper ; upper and lower covers bear visible impression of stamped mandorla (filled with vegetal decoration) ; sewn in dark blue thread, two stations, gone from many quires ; worked endbands in blue, damaged with core exposed ; overall in quite poor condition with significant abrasion and staining, upper cover fully detached, probable loss of flap, lifting and losses of paper (particularly at spine), delamination of boards, etc. ; housed in box for protection.</subfield></datafield><datafield tag="500" ind1=" " ind2=" "><subfield code="a">Support: European laid paper mainly with 11 laid lines per cm. (horizontal), chain lines spaced 20-21 mm. apart (vertical), and grapes (raisin) under cartouche with "P A" [?] and crown above watermark (see p.1, etc.), quite thin and transluscent though sturdy, burnished ; another sturdier type with 9 laid lines per cm. (horizontal), chain lines spaced 25-28 mm. apart (vertical), no watermarks visible (see pp.377-416, etc.) ; staining and tidelines.</subfield></datafield><datafield tag="500" ind1=" " ind2=" "><subfield code="a">Decoration: Keywords and section headings rubricated.</subfield></datafield><datafield tag="500" ind1=" " ind2=" "><subfield code="a">Script: Nastaʻlīq (talik) and naskh ; at least three hands ; opening hand through p.177 a nastaʻlīq (talik), bold Turkish hand, virtually serifless and quite compact with marked tilt to the right, mainly closed counters, pointing in strokes rather than distinct dots ; hand supplying by p.177 through p.301 a small and rather compact naskh, partially though irregularly seriffed with effect of tilt to the left, quite rounded with curvilinear descenders, pointing in strokes rather than distinct dots, some free assimilation of letters ; hand supplying p.302 to p.446 another nastaʻlīq (talik) similar to the opening hand, also compact with dramatic inclination to the right ; at p.447 reverts back to the naskh and continues in this hand to the close.</subfield></datafield><datafield tag="500" ind1=" " ind2=" "><subfield code="a">Layout: Written mainly in 34-35 lines per page.</subfield></datafield><datafield tag="500" ind1=" " ind2=" "><subfield code="a">Collation: V-1 (9), 25 V(259) ; almost exclusively quinions ; catchwords present ; pagination in pencil, Western numerals, supplied during digitization (mistakenly skips two pages between pp.3-4).</subfield></datafield><datafield tag="500" ind1=" " ind2=" "><subfield code="a">Colophon: "Scribal," reads "تم بعون الله وحسن توفيقه على يدي افقر الورى واحوجهم بكير بن محمد بن اسماعيل تمه في يوم الثاني بعد صلوة الظهر العشرون من شهر ذي الحجة في سلك سنة ستة عشر ومائة والف من الهجرة المصطوية [كذا] عليه افضل التحية واكمل الثنية واسأل الله العفو والعافية ... واحشرنا معهم بلطفك يا رب العالمين"</subfield></datafield><datafield tag="500" ind1=" " ind2=" "><subfield code="a">Explicit: "ولانه ثبت فضيلتهم على القرن الثاني بدلائل بكثيرة من الايات والخبار"</subfield></datafield><datafield tag="500" ind1=" " ind2=" "><subfield code="a">Incipit: "احمد الله ملأ السموات وملأ الارض وما يشاء بعد هذه الاشياء ... وبعد فقد الح علي زمرة خلاني وثلة خلصاني ان اشرح لهم كتاب المصابيح تصنيف الامام الهمام ... ركن الشريعة محيي السنة ابي محمد الحسين بن مسعود الفراء ... فاجبتهم الى ذلك واوردت في اول الكتاب مقدمة في اصطلاحات اصحاب الحديث وانواع علوم الحديث واوردت فيه كل راو لم يكن مذكورا في متن المصابيح وتركت ذكر من هو مذكور فيه وسميته بكتاب المفاتيح في شرح المصابيح ..."</subfield></datafield><datafield tag="500" ind1=" " ind2=" "><subfield code="a">Title from opening matter (preface) on p.2.</subfield></datafield><datafield tag="500" ind1=" " ind2=" "><subfield code="a">Ms. codex.</subfield></datafield><datafield tag="510" ind1="4" ind2=" "><subfield code="a">Ḥājjī Khalīfah. Kashf al-ẓunūn,</subfield><subfield code="c">vi 6 ; v 566 ; ii 1699</subfield></datafield><datafield tag="510" ind1="4" ind2=" "><subfield code="a">Brockelmann, C. GAL,</subfield><subfield code="c">I 364</subfield></datafield><datafield tag="520" ind1="8" ind2=" "><subfield code="a">Careful copy of a commentary on Maṣābīḥ al-sunnah, the ḥadīth collection compiled from various sources and arranged by subject and degree of authority by al-Ḥusayn ibn Masʻūd al-Farrāʼ al-Baghawī (d.1117?).</subfield></datafield><datafield tag="538" ind1=" " ind2=" "><subfield code="a">Mode of access: Internet.</subfield></datafield><datafield tag="541" ind1=" " ind2=" "><subfield code="a">Acquired in 1926 from the bookseller Isaac Benjamin S.E. Yahuda via purchase transacted on his behalf by Abraham Shalom Yahuda (1877-1951), his younger brother.</subfield></datafield><datafield tag="546" ind1=" " ind2=" "><subfield code="a">Arabic.</subfield></datafield><datafield tag="561" ind1=" " ind2=" "><subfield code="a">Possible former inventory mark on cover label ; occasional marginal corrections.</subfield></datafield><datafield tag="600" ind1="1" ind2="0"><subfield code="a">Baghawī, al-Ḥusayn ibn Mas‘ūd,</subfield><subfield code="d">d. 1117?</subfield><subfield code="t">Maṣābīḥ al-sunnah.</subfield></datafield><datafield tag="650" ind1=" " ind2="0"><subfield code="a">Manuscripts, Arabic</subfield><subfield code="z">Michigan</subfield><subfield code="z">Ann Arbor.</subfield></datafield><datafield tag="650" ind1=" " ind2="0"><subfield code="a">Hadith</subfield><subfield code="v">Texts</subfield><subfield code="v">Early works to 1800.</subfield></datafield><datafield tag="650" ind1=" " ind2="0"><subfield code="a">Hadith</subfield><subfield code="x">Criticism, interpretation, etc.</subfield><subfield code="v">Early works to 1800.</subfield></datafield><datafield tag="650" ind1=" " ind2="0"><subfield code="a">Hadith</subfield><subfield code="v">Commentaries</subfield><subfield code="v">Early works to 1800</subfield><subfield code="x">Commentaries.</subfield></datafield><datafield tag="700" ind1="0" ind2=" "><subfield code="6">880-04</subfield><subfield code="a">Bakīr ibn Muḥammad ibn Ismā‘īl,</subfield><subfield code="d">fl. 1705,</subfield><subfield code="e">scribe.</subfield></datafield><datafield tag="773" ind1="0" ind2=" "><subfield code="a">Yahuda Collection.</subfield></datafield><datafield tag="880" ind1="0" ind2=" "><subfield code="6">700-04/</subfield><subfield code="a">بكير بن محمد بن اسماعيل,</subfield><subfield code="e">ناسخ.</subfield></datafield><datafield tag="880" ind1="1" ind2="0"><subfield code="6">245-03/</subfield><subfield code="a">كتاب المفاتيح في شرح المصابيح,</subfield><subfield code="f">[1116ه، 1705م].</subfield></datafield><datafield tag="880" ind1="1" ind2=" "><subfield code="6">100-01/</subfield><subfield code="a">زيداني، مظهر الدين الحسين بن محمود.</subfield></datafield><datafield tag="CID" ind1=" " ind2=" "><subfield code="a">006806686</subfield></datafield><datafield tag="DAT" ind1="0" ind2=" "><subfield code="a">20190719102637.0</subfield><subfield code="b">20190719000000.0</subfield></datafield><datafield tag="DAT" ind1="1" ind2=" "><subfield code="a">20190719090653.0</subfield><subfield code="b">2019-07-19T16:10:26Z</subfield></datafield><datafield tag="DAT" ind1="2" ind2=" "><subfield code="a">2015-10-02T18:00:03Z</subfield></datafield><datafield tag="CAT" ind1=" " ind2=" "><subfield code="a">SDR-MIU</subfield><subfield code="d">EX LIBRIS - ALEPH</subfield><subfield code="l">prepare.pl-004-008</subfield></datafield><datafield tag="FMT" ind1=" " ind2=" "><subfield code="a">BK</subfield></datafield><datafield tag="HOL" ind1=" " ind2=" "><subfield code="0">sdr-miu006806686</subfield><subfield code="a">MiU</subfield><subfield code="b">SDR</subfield><subfield code="c">MIU</subfield><subfield code="p">mdp.39015079127943</subfield><subfield code="s">MIU</subfield><subfield code="1">006806686</subfield></datafield><datafield tag="974" ind1=" " ind2=" "><subfield code="b">MIU</subfield><subfield code="c">MIU</subfield><subfield code="d">20190719</subfield><subfield code="s">lit-dlps-dc</subfield><subfield code="u">mdp.39015079127943</subfield><subfield code="y">1705</subfield><subfield code="r">pd</subfield><subfield code="q">bib</subfield><subfield code="t">non-US bib date1 &lt; 1896</subfield></datafield></record></collection>